@phdthesis{cosmin_thesis,
  title        = {Biologically Informed Neural Networks
for Glioma Classification and Cell
Radiosensitivity Prediction},
  author       = {Cosmin Astefanei},
  year         = 2024,
  month        = {January},
  school       = {University College London},
  type         = {Masters dissertation}
}

@misc{scikit-learn-docs,
  title={{scikit-learn} Documentation},
  author={{scikit-learn} Contributors},
  howpublished={\url{https://scikit-learn.org/stable/modules/generated/sklearn.metrics.r2_score.html}},
  year={Accessed: April 8, 2024}
}